@book{BC12262895,
  author    = "辻川, 信二",
  title     = "入門現代の宇宙論 : インフレーションから暗黒エネルギーまで",
  publisher = "講談社",
  year      = "2022",
  URL       = "https://ci.nii.ac.jp/ncid/BC12262895"
}
